@inproceedings{hacia-una-densificacion,
	author = {D'Alessandro, Ariel and Pire, Taih{\'u} and Baravalle, Rodrigo},
	year = {2017},
	month = {11},
	pages = {},
	title = {Hacia una densificaci{\'o}n de sistemas SLAM dispersos basados en visi{\'o}n est{\'e}reo}
}
