@article{real-time-dense,
	author = {Pire, Taih{\'u} and Baravalle, Rodrigo and D'Alessandro, Ariel and Civera, Javier},
	year = {2018},
	month = {06},
	pages = {1-17},
	title = {Real-time dense map fusion for stereo SLAM},
	journal = {Robotica},
	doi = {10.1017/S0263574718000528}
}
